@book{van2011python,
  title={The python language reference manual},
  author={Van Rossum, Guido and Drake, Fred L},
  year={2011},
  publisher={Network Theory Ltd.}
}

@book{flanagan2008ruby,
  title={The ruby programming language},
  author={Flanagan, David and Matsumoto, Yukihiro},
  year={2008},
  publisher={" O'Reilly Media, Inc."}
}

@inproceedings{tanaka2015mruby,
  title={mruby--Rapid Software Development for Embedded Systems},
  author={Tanaka, Kazuaki and Nagumanthri, Avinash Dev and Matsumoto, Yukihiro},
  booktitle={Computational Science and Its Applications (ICCSA), 2015 15th International Conference on},
  pages={27--32},
  year={2015},
  organization={IEEE}
}

@techreport{iso30170,
  type={Standard},
  key={ISO/IEC 30170:2012},
  month={april},
  year={2000},
  title={{Information technology -- Programming languages -- Ruby}},
  volume={2012},
  address={Geneva, CH},
  institution={International Organization for Standardization}
}

@misc{wachter2009ipopt,
  title={IPOPT-an interior point OPTimizer},
  author={W{\"a}chter, A and Biegler, L},
  year={2009}
}

@misc{rubysymbolic,
  author = {Ravil Bayramgalin},
  title = {Symbolic},
  year = {2012},
  publisher = {GitHub},
  journal = {GitHub repository},
  howpublished = {\url{https://github.com/brainopia/symbolic}},
  commit = {bbd588e8676d5bed0017a3e1900ebc392cfe35c3}
}

@misc{rubyrucas,
  author = {John Lees-Miller},
  title = {RuCas},
  year = {2010},
  publisher = {GitHub},
  journal = {GitHub repository},
  howpublished = {\url{https://github.com/jdleesmiller/rucas}},
  commit = {047a38b541966482d1ad0d40d2549683cf193082}
}

@misc{christopher_smith_2016_47274,
  author       = {Christopher Smith and
                  Aaron Meurer and
                  Mateusz Paprocki and
                  Ondřej Čertík and
                  Sergey B Kirpichev and
                  Matthew Rocklin and
                  Julien Rioux and
                  raoulb and
                  Ronan Lamy and
                  jegerjensen and
                  Sudhanshu Mishra and
                  pernici and
                  AMiT Kumar and
                  Sergiu Ivanov and
                  Sachin Joglekar and
                  Jason K. Moore and
                  Colin Macdonald and
                  Saptarshi Mandal and
                  Sean Vig and
                  Thilina Rathnayake and
                  Sartaj Singh and
                  Stefan Krastanov and
                  Jim Crist and
                  Brian E. Granger and
                  Rick Muller and
                  Vinzent Steinberg and
                  Gilbert Gede and
                  Vladimir Perić and
                  Gaurav Dhingra and
                  Thomas Hisch},
  title        = {sympy: SymPy 1.0},
  month        = {mar},
  year         = {2016},
  doi          = {10.5281/zenodo.47274},
  url          = {https://doi.org/10.5281/zenodo.47274}
}
